@misc{7TrianglePreisachPour,
  title = {7-{{Triangle}} de {{Preisach}} Pour La Mod{\'e}lisation Du Ph{\'e}nom{\`e}ne d'hysteresis... {\textbar} {{Download Scientific Diagram}}},
  urldate = {2025-03-27},
  howpublished = {https://www.researchgate.net/figure/Triangle-de-Preisach-pour-la-modelisation-du-phenomene-dhysteresis-behavior-with\_fig11\_44165387},
  keywords = {notion}
}

@misc{AdsorptionHysteresisPorous,
  title = {Adsorption {{Hysteresis}} in {{Porous Solids}} - {{ScienceDirect}}},
  urldate = {2025-02-27},
  howpublished = {https://www.sciencedirect.com/science/article/pii/S0021979798956399?ref=pdf\_download\&fr=RR-2\&rr=918662065ed9169b},
  keywords = {notion}
}

@misc{AlliagesMemoireForme,
  title = {{Alliages a memoire de forme et hysteresis un lien fascinant}},
  journal = {FasterCapital},
  urldate = {2025-03-12},
  abstract = {1. Alliages {\`a} m{\'e}moire de forme~: un bref aper{\c c}u  Les alliages {\`a} m{\'e}moire de forme (SMA) constituent une classe unique de mat{\'e}riaux poss{\'e}dant la capacit{\'e} remarquable de retrouver leur forme d'origine apr{\`e}s avoir subi une d{\'e}formation. Cette caract{\'e}ristique distinctive est attribu{\'e}e {\`a} une...},
  howpublished = {https://fastercapital.com/fr/contenu/Alliages-a-memoire-de-forme-et-hysteresis---un-lien-fascinant.html},
  langid = {french},
  keywords = {notion}
}

@misc{AlliagesMemoireFormea,
  title = {Les Alliages {\`a} Memoire de Forme},
  urldate = {2025-03-12},
  howpublished = {https://moodle.uphf.fr/pluginfile.php/223355/mod\_resource/content/1/AMF.pdf},
  keywords = {notion}
}

@misc{AlliagesMemoireFormeb,
  title = {Les Alliages {\`a} M{\'e}moire de Forme},
  urldate = {2025-03-12},
  howpublished = {https://new.societechimiquedefrance.fr/wp-content/uploads/2019/12/2013-371-372-fev.-mars-p119-fiche\_HD.pdf},
  keywords = {notion}
}

@article{BoucWenModel2024,
  title = {Bouc--{{Wen}} Model of Hysteresis},
  year = {2024},
  month = sep,
  journal = {Wikipedia},
  urldate = {2025-02-22},
  abstract = {In structural engineering, the Bouc--Wen model of hysteresis is a hysteretic model typically employed to describe non-linear hysteretic systems. It was introduced by Robert Bouc and extended by Yi-Kwei Wen, who demonstrated its versatility by producing a variety of hysteretic patterns. This model is able to capture, in analytical form, a range of hysteretic cycle shapes matching the behaviour of a wide class of hysteretical systems. Due to its versatility and mathematical tractability, the Bouc--Wen model has gained popularity. It has been extended and applied to a wide variety of engineering problems, including multi-degree-of-freedom (MDOF) systems, buildings, frames, bidirectional and torsional response of hysteretic systems, two- and three-dimensional continua, soil liquefaction and base isolation systems. The Bouc--Wen model, its variants and extensions have been used in structural control---in particular, in the modeling of behaviour of magneto-rheological dampers, base-isolation devices for buildings and other kinds of damping devices. It has also been used in the modelling and analysis of structures built of reinforced concrete, steel, masonry, and timber.},
  copyright = {Creative Commons Attribution-ShareAlike License},
  langid = {english},
  keywords = {notion},
  annotation = {Page Version ID: 1245651308}
}

@misc{BoucWenPourCas,
  title = {Bouc-{{Wen}} Pour Cas (Tr{\`e}s) Particulier},
  urldate = {2025-04-09},
  howpublished = {https://dr.ntu.edu.sg/bitstream/10356/95115/2/219.\%20Modified\%20Bouc\%E2\%80\%93Wen\%20model\%20for\%20hysteresis\%20behavior\%20of\%20RC\%20beam\%E2\%80\%93column\%20joints\%20with\%20limited\%20transverse\%20reinforcement.pdf}
}

@misc{cnrsModelesDhysteresisMagnetique,
  title = {Mod{\`e}les d'hyst{\'e}r{\'e}sis Magn{\'e}tique Avec Prise  En Compte de La Temp{\'e}rature},
  author = {CNRS},
  urldate = {2025-03-13},
  abstract = {TIPE low cost pls mod{\`e}les et possibilit{\'e} de v{\'e}rifier les coefs avec exp quantitatives},
  howpublished = {https://www.seeds.cnrs.fr/wp-content/uploads/2022/05/Modeles-hysteresis-temperature.pdf},
  keywords = {notion}
}

@misc{CycleDhysteresisExplications,
  title = {Le Cycle d'hyst{\'e}r{\'e}sis, Explications},
  urldate = {2025-02-01},
  howpublished = {https://www.ct-magnet.com/a/le-cycle-dhysteresis-explications.php?srsltid=AfmBOorfatVL\_5azHgL2X61CwGYABypuIIYgjyNIzDzApCmTXhxBgzvR},
  keywords = {notion}
}

@misc{DeformationsPermanentesLhysteresis,
  title = {Sur Les D{\'e}formations Permanentes de l'hysteresis : {{Sixi{\`e}me}} M{\'e}moire. {{L}}'in{\'e}galit{\'e} de {{Clausius}} et l'hysteresis ; {{Septi{\`e}me}} M{\'e}moire. {{Hysteresis}} et {{Viscosit{\'e}}} - {{Pers{\'e}e}}},
  urldate = {2025-02-27},
  howpublished = {https://www.persee.fr/doc/marb\_0776-3123\_1903\_num\_62\_1\_1959},
  keywords = {notion}
}

@misc{DiscretePreisachModel,
  title = {The {{Discrete Preisach Model}} of {{Hysteresis}} {\textbar} {{Wolfram Demonstrations Project}}},
  urldate = {2025-04-08},
  howpublished = {https://demonstrations.wolfram.com/TheDiscretePreisachModelOfHysteresis/}
}

@misc{DocVacances,
  title = {{Doc Vacances}},
  journal = {Google Docs},
  urldate = {2025-04-09},
  howpublished = {https://docs.google.com/document/u/0/d/13CSwSBSyVy9kkqxkWRDplZ2RGJz4\_fFei3Yk4rV-jEw/edit?usp=embed\_facebook},
  langid = {french},
  keywords = {notion}
}

@article{drincicWhyAreHysteresis2011,
  title = {Why Are Some Hysteresis Loops Shaped like a Butterfly?},
  author = {Drin{\v c}i{\'c}, Bojana and Tan, Xiaobo and Bernstein, Dennis S.},
  year = {2011},
  month = dec,
  journal = {Automatica},
  volume = {47},
  number = {12},
  pages = {2658--2664},
  issn = {0005-1098},
  doi = {10.1016/j.automatica.2011.08.027},
  urldate = {2025-04-09},
  abstract = {The contribution of this paper is a framework for relating butterfly-shaped hysteresis maps to simple (single-loop) hysteresis maps, which are typically easier to model and more amenable to control design. In particular, a unimodal mapping is used to transform simple loops to butterfly loops. For the practically important class of piecewise monotone hysteresis maps, we provide conditions for producing butterfly-shaped maps and examine the properties of the resulting butterflies. Conversely, we present conditions under which butterfly-shaped maps can be converted to simple piecewise monotone hysteresis maps to facilitate hysteresis compensation and control design. Examples of a preloaded two-bar linkage mechanism and a magnetostrictive actuator illustrate the theory and its utility for understanding, modeling, and controlling systems with butterfly-shaped hysteresis.},
  keywords = {Butterfly hysteresis,Hysteresis,Prandtl-Ishlinskii model,Unimodal transformation}
}

@book{dutremoletdelacheisserieMagnetisme2001,
  title = {{Magn{\'e}tisme}},
  author = {{Du Tremolet de Lacheisserie}, {\'E}tienne},
  year = {2001},
  series = {{Grenoble sciences}},
  publisher = {EDP sciences},
  address = {Les Ulis},
  isbn = {978-2-86883-463-8},
  langid = {fre},
  lccn = {538},
  keywords = {notion},
  note = {Pas acc{\`e}s mais {\c c}a me parait pertinent}
}

@misc{EtudeComportementThermomecanique,
  title = {Etude Du Comportement Thermom{\'e}canique Des {{Alliages}} {\`a} {{M{\'e}moire}} de {{Forme}} Sous Sollicitations Multiaxiales Complexes},
  urldate = {2025-03-12},
  howpublished = {https://theses.hal.science/file/index/docid/200906/filename/karine.pdf},
  keywords = {notion}
}

@misc{francaiseHysteresisDictionnaireLAcademie,
  title = {{hyst{\'e}r{\'e}sis {\textbar} Dictionnaire de l'Acad{\'e}mie fran{\c c}aise {\textbar} 9e {\'e}dition}},
  author = {{fran{\c c}aise}, Acad{\'e}mie},
  urldate = {2025-04-15},
  abstract = {D{\'e}finition de HYST{\'E}R{\'E}SIS : Ph{\'e}nom{\`e}ne qui s'observe dans les r{\'e}actions {\'e}lastiques ou magn{\'e}tiques de certains corps et qui consiste en un retard de l'effet sur la cause.},
  howpublished = {http://www.dictionnaire-academie.fr/article/A9H1425},
  langid = {french}
}

@misc{getzlaffFundamentalsMagnetism,
  title = {Fundamentals of {{Magnetism}}},
  author = {Getzlaff, Mathias},
  publisher = {Springer},
  urldate = {2025-02-05},
  langid = {english},
  keywords = {notion},
  note = {Le document contient {\`a} peu pr{\`e}s tous ce que l'on a besoin je pense juste il est tr{\`e}s complet et tr{\`e}s long mais plein de ph{\'e}nom{\`e}ne d'hysteresis sont expliqu{\'e}}
}

@article{Hysteresis2025,
  title = {Hysteresis},
  year = {2025},
  month = feb,
  journal = {Wikipedia},
  urldate = {2025-02-22},
  abstract = {Hysteresis is the dependence of the state of a system on its history. For example, a magnet may have more than one possible magnetic moment in a given magnetic field, depending on how the field changed in the past. Plots of a single component of the moment often form a loop or hysteresis curve, where there are different values of one variable depending on the direction of change of another variable. This history dependence is the basis of memory in a hard disk drive and the remanence that retains a record of the Earth's magnetic field magnitude in the past. Hysteresis occurs in ferromagnetic and ferroelectric materials, as well as in the deformation of rubber bands and shape-memory alloys and many other natural phenomena. In natural systems, it is often associated with irreversible thermodynamic change such as phase transitions and with internal friction; and dissipation is a common side effect. Hysteresis can be found in physics, chemistry, engineering, biology, and economics. It is incorporated in many artificial systems: for example, in thermostats and Schmitt triggers, it prevents unwanted frequent switching. Hysteresis can be a dynamic lag between an input and an output that disappears if the input is varied more slowly; this is known as rate-dependent hysteresis. However, phenomena such as the magnetic hysteresis loops are mainly rate-independent, which makes a durable memory possible. Systems with hysteresis are nonlinear, and can be mathematically challenging to model. Some hysteretic models, such as the Preisach model (originally applied to ferromagnetism) and the  Bouc--Wen model, attempt to capture general features of hysteresis; and there are also phenomenological models for particular phenomena such as the Jiles--Atherton model for ferromagnetism. It is difficult to define hysteresis precisely. Isaak D. Mayergoyz wrote "...the very meaning of hysteresis varies from one area to another, from paper to paper and from author to author. As a result, a stringent mathematical definition of hysteresis is needed in order to avoid confusion and ambiguity.".},
  copyright = {Creative Commons Attribution-ShareAlike License},
  langid = {english},
  keywords = {notion},
  annotation = {Page Version ID: 1274045475}
}

@misc{HysteresisPiezoelectricActuatorsa,
  title = {Hysteresis in {{Piezoelectric Actuators}}: {{Modeling}} and {{Compensation}}},
  urldate = {2025-03-12},
  howpublished = {https://pdf.sciencedirectassets.com/314898/1-s2.0-S1474667016X60648/1-s2.0-S1474667016444381/main.pdf?X-Amz-Security-Token=IQoJb3JpZ2luX2VjEHkaCXVzLWVhc3QtMSJHMEUCIQCLeOn7ViSRGB8qSU7fViuBHccEhKyNKHtNHL2rHUlVSgIgSWpKGcRluLv\%2FzfBVjNeIvSzYBsobigtvl3SE4CzulJsquwUIwv\%2F\%2F\%2F\%2F\%2F\%2F\%2F\%2F\%2F\%2FARAFGgwwNTkwMDM1NDY4NjUiDCugEExiqgcPfQKkaiqPBabuufrgEcJ\%2BbaaL9bFGvG\%2BrzyTw1UqDRP8sXd\%2FNIPXh6vkA\%2FgrORfV0q\%2BNULq2IDN1HbGI1iuCWpqokB3tCVdqH7pXTjlXM1eA\%2FoGco5NYOcYsOvkzZ\%2B62oyrasd7KmJm3VBR9StMIxSrUKtHuX60fn4dGk5BgGzn87AgC0sdNJoY\%2F0CW0I1V7AAY527sGBhm1hOIpQ1wYqlJqErU0cp5aALDP2YpUf2K5BZ244OwkXaqxkSxEFthAAF1SR0wy6ME0P71MJL7k4GPgJ3pUbZoBSVgrhH9uMeLFfqLi\%2Bw5C6Oel8FbCqszI5Q7wx4XyoORmZ2rdK7kLO8P98NDH31QJQZUVNu5Q\%2BCqY2PvVt5jUJavpFBkP0jSZNkuqRblZwr8LxHbE1BhxkL5iKiGzs\%2FS1YHh5hBo\%2FMN1y1FO0Z4SKi0xe9CrM4NGkwD4DZYvupecqbg229W\%2F\%2BfHvmuG9r23Gu6xX2RzztPDEQ18kxVBwb7gpfOj8bZxdzlihm7ZuiwBBVnsm6Cv\%2Bs0XzOosAIrUTwZ5XlHUACttqBmU4fTK3zDGLopHHj8u0yxEgvQHT3\%2B5eXcWCmD8vd96zebaGS5nNZiGT2L3cEu\%2BA5\%2FTKR9VqpC7xAhu7z1KewjNnLtxX5VpMaj\%2F3PSXd0hfbsXNGrEW\%2FHaiMvaljb57TKpBT\%2BEVdoO3S1A\%2BTiTq0qnGXPuzLJ3LPMyP39hhEBBGKvMUgGxjpSwck7E4JSagDDVcMCFJR02wYDtyvXdcbvWQKivirYHDBsmkmjei\%2BuUtNp8nX8fXHZmiN0sAeCjsEsyCh9ejA32rJOk2l8jYkA2wou504OEMRzPo6R8\%2BTv9ttuvJ43puroH6fG4ELGClfcqpkp2\%2FoUwg\%2FzGvgY6sQEeBGbBoUxDmTeXw7pElqAGPBKfq19dl7S8tezHKsG\%2BRuvgq9ieX4oKwTyZKTAbznGexvcitEwiOaDRjPAVDTT\%2FTVTxpkTIb0O0yWJyc5OfsKF\%2BIl6RrmGyR31x0ugmHYCYyVRtW6Fz7B41x0K3FLBzrAvaBuOeEBBqzpwbvHaZ1drtozefInzf9Zu\%2FOSMbyIEgdyrYYIOow\%2FzOVcPuI2ZQpoipy0z6vltScfzncA3MAEw\%3D\&X-Amz-Algorithm=AWS4-HMAC-SHA256\&X-Amz-Date=20250312T181542Z\&X-Amz-SignedHeaders=host\&X-Amz-Expires=300\&X-Amz-Credential=ASIAQ3PHCVTY3FNB6CMK\%2F20250312\%2Fus-east-1\%2Fs3\%2Faws4\_request\&X-Amz-Signature=e54072829fc681398e19a2ea97157e5cf218c662a68b6baac24e1e2a17b6cf2c\&hash=2debb214a314d96530821615840167032f4e1bc91dd7048e9bb4291fae38e2b5\&host=68042c943591013ac2b2430a89b270f6af2c76d8dfd086a07176afe7c76c2c61\&pii=S1474667016444381\&tid=spdf-78b78248-b327-43af-a17d-eeead9acb7c0\&sid=fd2ace411bc7a247774bf3838e98cdae8e78gxrqb\&type=client\&tsoh=d3d3LnNjaWVuY2VkaXJlY3QuY29t\&rh=d3d3LnNjaWVuY2VkaXJlY3QuY29t\&ua=03145d5309545350545f\&rr=91f547483fead146\&cc=fr}
}

@misc{InegaliteIntegraleClausius,
  title = {In{\'e}galit{\'e} et Int{\'e}grale de {{Clausius}} [{{Bases}} de La Thermodynamique]},
  urldate = {2025-02-27},
  howpublished = {https://opale.enim.univ-lorraine.fr/rimbert1/thermo/co/grain\_2\_integrale\_Clausius.html},
  keywords = {notion}
}

@article{JilesAthertonModel2025,
  title = {Jiles--{{Atherton}} Model},
  year = {2025},
  month = mar,
  journal = {Wikipedia},
  urldate = {2025-03-27},
  abstract = {In electromagnetism and materials science, the Jiles--Atherton model of magnetic hysteresis was introduced in 1984 by David Jiles and D. L. Atherton. This is one of the most popular models of magnetic hysteresis. Its main advantage is the fact that this model enables connection with physical parameters of the magnetic material. Jiles--Atherton model enables calculation of minor and major hysteresis loops.  The original Jiles--Atherton model is suitable only for isotropic materials. However, an extension of this model presented by Ramesh et al. and corrected by Szewczyk  enables the modeling of anisotropic magnetic materials.},
  copyright = {Creative Commons Attribution-ShareAlike License},
  langid = {english},
  keywords = {notion},
  annotation = {Page Version ID: 1281343087}
}

@misc{MateriauHysteretiqueIsotrope,
  type = {Topic},
  title = {Mat{\'e}riau Hyst{\'e}r{\'e}tique Isotrope Caract{\'e}ris{\'e} Par Un Mod{\`e}le de Type {{Preisach}} Dans {{Flux}}},
  urldate = {2025-03-13},
  abstract = {Introduction Ce chapitre traite de la cr{\'e}ation d'un mat{\'e}riau avec une propri{\'e}t{\'e} B(H) de type : Hyst{\'e}r{\'e}tique isotrope, mod{\`e}le de Preisach d{\'e}crit par 4 param{\`e}tres d'un cycle typique et Hyst{\'e}r{\'e}tique ...},
  howpublished = {https://2022.help.altair.com/2022/flux/Flux/Help/francais/UserGuide/Francais/topics/HystereticMaterialsInFlux\_IsotropicPreisach.htm},
  langid = {american},
  keywords = {notion}
}

@misc{MiseEquation,
  title = {Mise En {\'E}quation},
  urldate = {2025-02-01},
  howpublished = {http://materiel-physique.ens-lyon.fr/Logiciels/CD\%20N\%C2\%B0\%203\%20BUP\%20DOC\%20V\%204.0/Disk\%201/TEXTES/1992/07481383.PDF},
  keywords = {notion}
}

@misc{ModeleMathSans,
  title = {Mod{\`e}le {{Math}} sans Physique, Juste Reproduction de La Forme},
  urldate = {2025-02-22},
  abstract = {Th{\'e}orie pure et dure de la mod{\'e}lisation d'une hyst{\'e}r{\'e}sis : objectif juste modelier la forme avec des tangentes et arctan},
  howpublished = {https://www.researchgate.net/profile/Jeno-Takacs/publication/239397876\_A\_phenomenological\_mathematical\_model\_of\_hysteresis/links/55fdae0908aec948c4d5988a/A-phenomenological-mathematical-model-of-hysteresis.pdf},
  keywords = {notion}
}

@misc{nahouliEtudeRealisationDun,
  title = {{\'E}tude et R{\'e}alisation d'un Hyst{\'e}r{\'e}sis-Graphe d'un Syst{\`e}me de Mesure Du Cycle d'hyst{\'e}r{\'e}sis},
  author = {Nahouli, Neimat},
  urldate = {2025-02-27},
  howpublished = {https://dumas.ccsd.cnrs.fr/dumas-01622088v1/file/2014.TH.Nahouli.Neimat.pdf},
  keywords = {notion}
}

@article{PDFHysteresisBoucWen2024,
  title = {({{PDF}}) {{The Hysteresis Bouc-Wen Model}}, a {{Survey}}},
  year = {2024},
  month = oct,
  journal = {ResearchGate},
  doi = {10.1007/s11831-009-9031-8},
  urldate = {2025-04-09},
  abstract = {PDF {\textbar} Structural systems often show nonlinear behavior under severe excitations generated by natural hazards. In that condition, the restoring force... {\textbar} Find, read and cite all the research you need on ResearchGate},
  langid = {english}
}

@misc{PhenomenesDhysteresisDecrire,
  title = {{Ph{\'e}nom{\`e}nes d'hyst{\'e}r{\'e}sis: D{\'e}crire \& Exemples {\textbar} StudySmarter}},
  shorttitle = {{Ph{\'e}nom{\`e}nes d'hyst{\'e}r{\'e}sis}},
  journal = {StudySmarter FR},
  urldate = {2025-04-08},
  abstract = {Ph{\'e}nom{\`e}nes d'hyst{\'e}r{\'e}sis: \ding{51} D{\'e}finir en ing{\'e}nierie \ding{51} Exemples \ding{51} Erreur due {\`a} l'hyst{\'e}r{\'e}sis StudySmarterOriginal!},
  howpublished = {https://www.studysmarter.fr/resumes/ingenierie/genie-electrique/phenomenes-dhysteresis/},
  langid = {french}
}

@misc{PreisachDiscret,
  title = {Preisach Discret},
  urldate = {2025-04-08},
  howpublished = {https://www.epfl.ch/labs/la/wp-content/uploads/2018/08/Rapport-Megzari.pdf}
}

@article{PreisachModelHysteresis2024,
  title = {Preisach Model of Hysteresis},
  year = {2024},
  month = apr,
  journal = {Wikipedia},
  urldate = {2025-02-22},
  abstract = {In electromagnetism, the Preisach model of hysteresis is a model of magnetic hysteresis. Originally, it generalized hysteresis as the relationship between the magnetic field and magnetization of a magnetic material as the parallel connection of independent relay hysterons. It was first suggested in 1935 by Ferenc (Franz) Preisach in the German academic journal Zeitschrift f{\"u}r Physik. In the field of ferromagnetism, the Preisach model is sometimes thought to describe a ferromagnetic material as a network of small independently acting domains, each magnetized to a value of either                         h                 \{{\textbackslash}displaystyle h\}     or                         -         h                 \{{\textbackslash}displaystyle -h\}    . A sample of iron, for example, may have evenly distributed magnetic domains, resulting in a net magnetic moment of zero. Mathematically similar models seem to have been independently developed in other fields of science and engineering. One notable example is the model of capillary hysteresis in porous materials developed by Everett and co-workers. Since then, following the work of people like M. Krasnoselkii, A. Pokrovskii, A. Visintin, and I.D. Mayergoyz, the model has become widely accepted as a general mathematical tool for the description of hysteresis phenomena of different kinds.},
  copyright = {Creative Commons Attribution-ShareAlike License},
  langid = {english},
  keywords = {notion},
  annotation = {Page Version ID: 1220194414}
}

@misc{prepasphysiqueTPAgregationPhysique2024,
  title = {{{TP}} Agr{\'e}gation Physique : {{L}}'hyst{\'e}r{\'e}sis Magn{\'e}tique},
  shorttitle = {{{TP}} Agr{\'e}gation Physique},
  author = {{Pr{\'e}pas Physique}},
  year = {2024},
  month = oct,
  urldate = {2025-04-15}
}

@misc{ProjetActuateursPiezoelectriques,
  title = {Projet {{Actuateurs Pi{\'e}zoelectriques EPFL}}},
  urldate = {2025-03-13},
  howpublished = {https://www.epfl.ch/labs/la/wp-content/uploads/2018/08/Weibel.Rapport.pdf},
  keywords = {notion}
}

@misc{TIPEAvancement,
  title = {{TIPE Avancement}},
  journal = {Google Docs},
  urldate = {2025-03-13},
  howpublished = {https://docs.google.com/document/u/0/d/10GYiDb7LOkM2hlZvrL-FZputDad8eCX\_HWtw3poHMRo/edit?usp=embed\_facebook},
  langid = {french},
  keywords = {notion}
}

@misc{VectorialIncrementalNonconservative,
  title = {Vectorial {{Incremental Nonconservative Consistent Hysteresis}} Model},
  urldate = {2025-02-05},
  howpublished = {http://vincent.francois-l.be/VINCH\_model.pdf},
  keywords = {notion}
}
